@inproceedings{Ourselin_MICCAI_2000,
	Author = {S. Ourselin and A. Roche and S. Prima and N. Ayache},
	Booktitle = {MICCAI '00},
	Date-Modified = {2010-07-09 19:06:25 +0200},
	Pages = {557--566},
	Series = {LNCS},
	Title = {Block Matching: A General Framework to Improve Robustness of Rigid Registration of Medical Images},
	Volume = {1935},
	Year = {2000}}
	
@techreport{Pennec_report_2004,
    title = {A {R}iemannian {F}ramework for {T}ensor {C}omputing},
    author = {Pennec, Xavier and Fillard, Pierre and Ayache, Nicholas},
    language = {English},
    pages = {34},
    institution = {INRIA},
    year = {2004},
    month = Jul,
}
